<record><leader>00000cas a22000007a 4500</leader><controlfield tag="001">13788616</controlfield><controlfield tag="008">860627d19621967nvuwr ne      0    0eng d</controlfield><datafield ind1=" " ind2=" " tag="010"><subfield code="a">sn 86076246 </subfield></datafield><datafield ind1=" " ind2=" " tag="040"><subfield code="a">NNX</subfield><subfield code="b">eng</subfield><subfield code="c">NNX</subfield><subfield code="d">OCL</subfield><subfield code="d">OCLCQ</subfield></datafield><datafield ind1=" " ind2=" " tag="042"><subfield code="a">msc</subfield></datafield><datafield ind1="0" ind2="0" tag="245"><subfield code="a">Winnemucca Humboldt star and Battle Mountain scout.</subfield></datafield><datafield ind1="1" ind2="3" tag="246"><subfield code="a">Humboldt star and scout</subfield></datafield><datafield ind1=" " ind2=" " tag="260"><subfield code="a">Winnemucca, Nev. :</subfield><subfield code="b">Examiner Co.,</subfield><subfield code="c">1962-1967.</subfield></datafield><datafield ind1=" " ind2=" " tag="300"><subfield code="a">11 v. :</subfield><subfield code="b">ill.</subfield></datafield><datafield ind1=" " ind2=" " tag="310"><subfield code="a">Weekly,</subfield><subfield code="b">Nov. 8, 1962-Nov. 12, 1964</subfield></datafield><datafield ind1=" " ind2=" " tag="321"><subfield code="a">Frequency varies</subfield></datafield><datafield ind1="0" ind2=" " tag="362"><subfield code="a">Vol. 94, no. 174 (Nov. 8, 1962)-v. 104, no. 110 (Oct. 6, 1967).</subfield></datafield><datafield ind1=" " ind2=" " tag="500"><subfield code="a">Title from publisher's statement: Humboldt star and scout, Sept. 12, 1963-Nov. 26, 1965.</subfield></datafield><datafield ind1=" " ind2=" " tag="752"><subfield code="a">United States</subfield><subfield code="b">Nevada</subfield><subfield code="c">Humboldt</subfield><subfield code="d">Winnemucca.</subfield></datafield><datafield ind1="0" ind2="4" tag="780"><subfield code="t">Humboldt star (Winnemucca, Nev. : 1935)</subfield><subfield code="w">(DLC)sn 86091472</subfield><subfield code="w">(OCoLC)13549202</subfield></datafield><datafield ind1="0" ind2="4" tag="780"><subfield code="t">Battle Mountain scout</subfield><subfield code="w">(DLC)sn 86076275</subfield><subfield code="w">(OCoLC)13788590</subfield></datafield><datafield ind1="0" ind2="4" tag="785"><subfield code="t">Humboldt county bulletin (1966)</subfield><subfield code="w">(DLC)sn 86076361</subfield><subfield code="w">(OCoLC)14162414</subfield></datafield><datafield ind1="1" ind2=" " tag="029"><subfield code="a">AU@</subfield><subfield code="b">000022774909</subfield></datafield></record>